@online{gravitace,
title = { Wolfram|Alpha Widget: Gravitational Fields },
url = {http://goo.gl/dtWkdT},
OPTurldate = {2016-04-06},
}

@book{table,
author = {Jaromír BROŽ and Vladimír ROSKOVEC and Miloslav VALOUCH},
title = {Fyzikální a matematické tabulky},
date = {1980},
publisher = {SNTL},
location = {Praha},
}

@book{prakt,
author = {Jiří ENGLICH},
title = {Úvod do praktické fyziky I},
date = {2006},
subtitle = {Zpracování výsledk? m??ení},
publisher = {MATFYZPRESS},
location = {Praha},
isbn = {80-86732-93-2},
}

@book{mechanika,
author = {Jozef KVASNICA and Antonín HAVRÁNEK and Pavel LUKÁČ and Boris SPRUŠIL},
title = {Mechanika},
date = {2004},
publisher = {Academia},
location = {Praha},
isbn = {80-200-1268-0},
}

@online{skripta,
ALTauthor = {author},
ALTeditor = {editor},
title = {Základní fyzikální praktikum | Identifikace prvků na základě jejich charakteristického rentgenového záření},
urldate = {2017-10-23},
url = {http://physics.mff.cuni.cz/vyuka/zfp/_media/zadani/texty/txt_403.pdf},
}

@online{energie,
author = {Deslattes, R.D. and Kessler Jr., E.G. and Indelicato, P. and de Billy, L. and Lindroth, E. and Anton, J. and Coursey, J.S. and Schwab, D.J. and Chang, C. and Sukumar, R. and Olsen, K. and Dragoset R.A.},
ALTeditor = {editor},
title = {X-ray Transition energies},
version = {1.2},
urldate = {2017-10-23},
url = {http://physics.nist.gov/XrayTrans},

}